<record><leader>00000cas a22000007a 4500</leader><controlfield tag="001">23996945</controlfield><controlfield tag="008">910627c198u9999nyuwr ne      0   a0eng d</controlfield><datafield ind1=" " ind2=" " tag="010"><subfield code="a">sn 91066584 </subfield></datafield><datafield ind1=" " ind2=" " tag="040"><subfield code="a">NYS</subfield><subfield code="b">eng</subfield><subfield code="c">NYS</subfield><subfield code="d">NSD</subfield><subfield code="d">OCLCQ</subfield></datafield><datafield ind1=" " ind2=" " tag="012"><subfield code="m">0</subfield></datafield><datafield ind1="1" ind2=" " tag="022"><subfield code="a">1090-1493</subfield><subfield code="l">1090-1493</subfield><subfield code="2">1</subfield></datafield><datafield ind1=" " ind2=" " tag="042"><subfield code="a">msc</subfield><subfield code="a">nsdp</subfield></datafield><datafield ind1="0" ind2=" " tag="130"><subfield code="a">Photo news (Monroe, N.Y. : 1982)</subfield></datafield><datafield ind1=" " ind2="4" tag="222"><subfield code="a">The photo news</subfield><subfield code="b">(Monroe, N.Y. 1982)</subfield></datafield><datafield ind1="1" ind2="4" tag="245"><subfield code="a">The photo news.</subfield></datafield><datafield ind1=" " ind2=" " tag="260"><subfield code="a">Monroe, N.Y. :</subfield><subfield code="b">Tunnell Pub.</subfield></datafield><datafield ind1=" " ind2=" " tag="300"><subfield code="a">v. :</subfield><subfield code="b">ill.</subfield></datafield><datafield ind1=" " ind2=" " tag="310"><subfield code="a">Weekly</subfield></datafield><datafield ind1=" " ind2=" " tag="500"><subfield code="a">Published on Wednesday.</subfield></datafield><datafield ind1=" " ind2=" " tag="500"><subfield code="a">Publisher: Straus Communications, &lt;1983&gt;.</subfield></datafield><datafield ind1=" " ind2=" " tag="515"><subfield code="a">Volume numbering irregular.</subfield></datafield><datafield ind1=" " ind2=" " tag="580"><subfield code="a">Other eds.: Advertiser photo news, &lt;1982&gt;-1986; Warwick advertiser (Warwick, N.Y. : 1986), 1986-</subfield></datafield><datafield ind1=" " ind2=" " tag="588"><subfield code="a">Description based on: Vol. 14, no. 1 (Jan. 6, 1982).</subfield></datafield><datafield ind1=" " ind2=" " tag="588"><subfield code="a">Latest issue consulted: Vol. 31, no. 20 (May 15, 1996).</subfield></datafield><datafield ind1=" " ind2="4" tag="651"><subfield code="a">Monroe (N.Y.)</subfield><subfield code="v">Newspapers.</subfield></datafield><datafield ind1=" " ind2=" " tag="752"><subfield code="a">United States</subfield><subfield code="b">New York</subfield><subfield code="c">Orange</subfield><subfield code="d">Monroe.</subfield></datafield><datafield ind1="1" ind2=" " tag="775"><subfield code="t">Advertiser photo news</subfield><subfield code="w">(DLC)sn 91066647</subfield><subfield code="w">(OCoLC)24232266</subfield></datafield><datafield ind1="1" ind2=" " tag="775"><subfield code="t">Warwick advertiser (Warwick, N.Y. : 1986)</subfield><subfield code="w">(DLC)sn 91066646</subfield><subfield code="w">(OCoLC)24148524</subfield></datafield><datafield ind1="0" ind2="0" tag="780"><subfield code="t">Monroe-Woodbury photo news</subfield><subfield code="w">(DLC)sn 91066921</subfield><subfield code="w">(OCoLC)24299331</subfield></datafield><datafield ind1="1" ind2=" " tag="029"><subfield code="a">AU@</subfield><subfield code="b">000025909204</subfield></datafield></record>